@article{Article:2024:Sunadai,
  title = {サンプル論文タイトル},
  author = {砂大 太郎 and 砂大 花子},
  year = 2024,
  journal = {サンプル学会サンプル論文誌},
  volume = 1,
  pages = {12--34},
  no = 1,
}
